[gd_scene load_steps=15 format=3 uid="uid://b3sq0w62qq5cr"]

[ext_resource type="PackedScene" uid="uid://dm1swm2smyx4p" path="res://scenes/projectile/projectile.tscn" id="1_hkly1"]
[ext_resource type="Texture2D" uid="uid://bvsjcua60p27r" path="res://sprites/All_Fire_Bullet_Pixel_16x16.png" id="2_nhq0e"]

[sub_resource type="AtlasTexture" id="AtlasTexture_x5adu"]
atlas = ExtResource("2_nhq0e")
region = Rect2(176, 288, 16, 16)

[sub_resource type="AtlasTexture" id="AtlasTexture_oj3xh"]
atlas = ExtResource("2_nhq0e")
region = Rect2(192, 288, 16, 16)

[sub_resource type="AtlasTexture" id="AtlasTexture_bl2ju"]
atlas = ExtResource("2_nhq0e")
region = Rect2(208, 288, 16, 16)

[sub_resource type="AtlasTexture" id="AtlasTexture_ju4pg"]
atlas = ExtResource("2_nhq0e")
region = Rect2(224, 288, 16, 16)

[sub_resource type="AtlasTexture" id="AtlasTexture_u5nuy"]
atlas = ExtResource("2_nhq0e")
region = Rect2(240, 288, 16, 16)

[sub_resource type="AtlasTexture" id="AtlasTexture_i0wjv"]
atlas = ExtResource("2_nhq0e")
region = Rect2(256, 288, 16, 16)

[sub_resource type="AtlasTexture" id="AtlasTexture_a8k3e"]
atlas = ExtResource("2_nhq0e")
region = Rect2(256, 176, 16, 16)

[sub_resource type="AtlasTexture" id="AtlasTexture_d0wpx"]
atlas = ExtResource("2_nhq0e")
region = Rect2(272, 176, 16, 16)

[sub_resource type="AtlasTexture" id="AtlasTexture_yqlf4"]
atlas = ExtResource("2_nhq0e")
region = Rect2(288, 176, 16, 16)

[sub_resource type="AtlasTexture" id="AtlasTexture_uydqf"]
atlas = ExtResource("2_nhq0e")
region = Rect2(304, 176, 16, 16)

[sub_resource type="SpriteFrames" id="SpriteFrames_gkh7r"]
animations = [{
"frames": [SubResource("AtlasTexture_x5adu"), SubResource("AtlasTexture_oj3xh"), SubResource("AtlasTexture_bl2ju"), SubResource("AtlasTexture_ju4pg"), SubResource("AtlasTexture_u5nuy"), SubResource("AtlasTexture_i0wjv")],
"loop": false,
"name": &"explode",
"speed": 20.0
}, {
"frames": [SubResource("AtlasTexture_a8k3e"), SubResource("AtlasTexture_d0wpx"), SubResource("AtlasTexture_yqlf4"), SubResource("AtlasTexture_uydqf")],
"loop": true,
"name": &"move",
"speed": 5.0
}]

[sub_resource type="CapsuleShape2D" id="CapsuleShape2D_503yw"]
radius = 4.0
height = 16.0

[node name="Fireball" instance=ExtResource("1_hkly1")]
collision_layer = 0
collision_mask = 2

[node name="Sprite" parent="." index="0"]
rotation = -1.5708
frames = SubResource("SpriteFrames_gkh7r")
animation = &"move"
frame = 3
playing = true

[node name="CollisionShape" parent="." index="1"]
shape = SubResource("CapsuleShape2D_503yw")

[connection signal="animation_finished" from="Sprite" to="." method="_on_sprite_animation_finished"]
